@article{zhu2015wearable,
  title={Wearable sensor systems for infants},
  author={Zhu, Zhihua and Liu, Tao and Li, Guangyi and Li, Tong and Inoue, Yoshio},
  journal={Sensors},
  volume={15},
  number={2},
  pages={3721--3749},
  year={2015},
  publisher={MDPI}
}